<record><leader>01182nom a22003131  4500</leader><controlfield tag="001">001032290</controlfield><controlfield tag="003">MiAaHDL</controlfield><controlfield tag="005">20211218000000.0</controlfield><controlfield tag="006">m        d        </controlfield><controlfield tag="007">cr bn ---auaua</controlfield><controlfield tag="008">890208s1961    nyu                 eng d</controlfield><datafield tag="010" ind1=" " ind2=" "><subfield code="a">60007139</subfield></datafield><datafield tag="020" ind1=" " ind2=" "><subfield code="a">0385079907</subfield></datafield><datafield tag="035" ind1=" " ind2=" "><subfield code="a">(MiU)990010322900106381</subfield></datafield><datafield tag="035" ind1=" " ind2=" "><subfield code="a">sdr-miu.990010322900106381</subfield></datafield><datafield tag="035" ind1=" " ind2=" "><subfield code="a">(SAZTEC)101205570</subfield></datafield><datafield tag="035" ind1=" " ind2=" "><subfield code="a">(CaOTULAS)176070514</subfield></datafield><datafield tag="035" ind1=" " ind2=" "><subfield code="z">(MiU)Aleph001032290</subfield></datafield><datafield tag="050" ind1="0" ind2="4"><subfield code="a">PZ8.3</subfield><subfield code="b">.F825 1961</subfield></datafield><datafield tag="245" ind1="0" ind2="4"><subfield code="a">The Fox went out on a chilly night :</subfield><subfield code="b">an old song /</subfield><subfield code="c">illustrated by Peter Spier.</subfield></datafield><datafield tag="260" ind1=" " ind2=" "><subfield code="a">Garden City, N.Y. :</subfield><subfield code="b">Doubleday,</subfield><subfield code="c">c1961.</subfield></datafield><datafield tag="300" ind1=" " ind2=" "><subfield code="a">[48] p. :</subfield><subfield code="b">ill. ;</subfield><subfield code="c">21 cm.</subfield></datafield><datafield tag="500" ind1=" " ind2=" "><subfield code="a">Illustrated lining papers.</subfield></datafield><datafield tag="500" ind1=" " ind2=" "><subfield code="a">Includes a setting (for voice and piano) of the song.</subfield></datafield><datafield tag="538" ind1=" " ind2=" "><subfield code="a">Mode of access: Internet.</subfield></datafield><datafield tag="590" ind1=" " ind2=" "><subfield code="a">SPEC 1: Gift from the collection of Jerome Cushman. Eighth printing, in dust jacket.</subfield></datafield><datafield tag="650" ind1=" " ind2="0"><subfield code="a">Children's songs</subfield><subfield code="z">United States</subfield><subfield code="v">Texts.</subfield></datafield><datafield tag="650" ind1=" " ind2="0"><subfield code="a">Songs</subfield><subfield code="v">Juvenile literature.</subfield></datafield><datafield tag="650" ind1=" " ind2="0"><subfield code="a">Foxes</subfield><subfield code="v">Juvenile fiction.</subfield></datafield><datafield tag="655" ind1=" " ind2="7"><subfield code="a">Juvenile literature.</subfield><subfield code="2">rbgenr</subfield></datafield><datafield tag="700" ind1="1" ind2=" "><subfield code="a">Cushman, Jerome,</subfield><subfield code="e">former owner.</subfield></datafield><datafield tag="700" ind1="1" ind2=" "><subfield code="a">Spier, Peter,</subfield><subfield code="e">ill.</subfield></datafield><datafield tag="899" ind1=" " ind2=" "><subfield code="7">23879456630006381</subfield><subfield code="a">39015011016204</subfield></datafield><datafield tag="CID" ind1=" " ind2=" "><subfield code="a">001032290</subfield></datafield><datafield tag="DAT" ind1="0" ind2=" "><subfield code="a">20070530153343.0</subfield><subfield code="b">20211218000000.0</subfield></datafield><datafield tag="DAT" ind1="1" ind2=" "><subfield code="a">20211218060656.0</subfield><subfield code="b">2021-12-18T17:30:48Z</subfield></datafield><datafield tag="DAT" ind1="2" ind2=" "><subfield code="a">2021-11-26T18:30:02Z</subfield></datafield><datafield tag="CAT" ind1=" " ind2=" "><subfield code="a">SDR-MIU</subfield><subfield code="d">ALMA</subfield><subfield code="l">prepare.pl-004-008</subfield></datafield><datafield tag="FMT" ind1=" " ind2=" "><subfield code="a">VM</subfield></datafield><datafield tag="HOL" ind1=" " ind2=" "><subfield code="0">sdr-miu.990010322900106381</subfield><subfield code="a">MiU</subfield><subfield code="b">SDR</subfield><subfield code="c">MIU</subfield><subfield code="p">mdp.39015011016204</subfield><subfield code="s">MIU</subfield><subfield code="1">990010322900106381</subfield></datafield><datafield tag="974" ind1=" " ind2=" "><subfield code="b">MIU</subfield><subfield code="c">MIU</subfield><subfield code="d">20211218</subfield><subfield code="s">google</subfield><subfield code="u">mdp.39015011016204</subfield><subfield code="y">1961</subfield><subfield code="r">ic</subfield><subfield code="q">bib</subfield><subfield code="t">US bib date1 &gt;= 1927</subfield></datafield></record>